<?xml version="1.0" encoding="UTF-8"?><collection xmlns="http://www.loc.gov/MARC21/slim"><record><leader>00373nam--2200133-i-4500</leader><controlfield tag="001">000011636</controlfield><controlfield tag="002">20161230</controlfield><controlfield tag="005">20161230201029</controlfield><controlfield tag="008">060222s1000------------r-----000-0-eng-d</controlfield><datafield ind1=" " ind2=" " tag="080"><subfield code="a">543.062</subfield></datafield><datafield ind1=" " ind2=" " tag="100"><subfield code="a">Charlot, Gaston</subfield></datafield><datafield ind1=" " ind2=" " tag="245"><subfield code="a">Chimie analytique quantitative. tom.l!methodes chimiques et physico-chimiques</subfield></datafield><datafield ind1=" " ind2=" " tag="260"><subfield code="a">Paris,Mason Et C-ie,1974. Ix + 324p</subfield></datafield><datafield ind1=" " ind2=" " tag="852"><subfield code="a">42953</subfield></datafield></record></collection>